@misc{twd:gan,
    author={{Rohith Gandhi}},
    title={Generative Adversarial Networks â€” Explained},
    howpublished={Towards Data Science},
    year={2018},
    urldate={2021-02-20},
    url={https://towardsdatascience.com/generative-adversarial-networks-explained-34472718707a},
    keywords={online}
}

@misc{emd,
    author={{Vincent Herrmann}},
    title={Wasserstein GAN and the Kantorovich-Rubinstein Duality},
    year={2020},
    urldate={2021-02-20},
    url={https://vincentherrmann.github.io/blog/wasserstein},
    keywords={online}
}