@misc{jolicoeurmartineau2018rahinge,
    title={The relativistic discriminator: a key element missing from standard GAN}, 
    author={Alexia Jolicoeur-Martineau},
    year={2018},
    eprint={1807.00734},
    archivePrefix={arXiv},
    primaryClass={cs.LG}
}

@misc{yazıcı2019ema,
    title={The Unusual Effectiveness of Averaging in GAN Training}, 
    author={Yasin Yazıcı and Chuan-Sheng Foo and Stefan Winkler and Kim-Hui Yap and Georgios Piliouras and Vijay Chandrasekhar},
    year={2019},
    eprint={1806.04498},
    archivePrefix={arXiv},
    primaryClass={stat.ML}
}

@misc{miyato2018spectral,
    title={Spectral Normalization for Generative Adversarial Networks}, 
    author={Takeru Miyato and Toshiki Kataoka and Masanori Koyama and Yuichi Yoshida},
    year={2018},
    eprint={1802.05957},
    archivePrefix={arXiv},
    primaryClass={cs.LG}
}

@misc{goodfellow2014generative,
    title={Generative Adversarial Networks}, 
    author={Ian J. Goodfellow and Jean Pouget-Abadie and Mehdi Mirza and Bing Xu and David Warde-Farley and Sherjil Ozair and Aaron Courville and Yoshua Bengio},
    year={2014},
    eprint={1406.2661},
    archivePrefix={arXiv},
    primaryClass={stat.ML}
}

@misc{arjovsky2017wgan,
    title={Wasserstein GAN}, 
    author={Martin Arjovsky and Soumith Chintala and Léon Bottou},
    year={2017},
    eprint={1701.07875},
    archivePrefix={arXiv},
    primaryClass={stat.ML}
}

@misc{gulrajani2017wgangp,
    title={Improved Training of Wasserstein GANs}, 
    author={Ishaan Gulrajani and Faruk Ahmed and Martin Arjovsky and Vincent Dumoulin and Aaron Courville},
    year={2017},
    eprint={1704.00028},
    archivePrefix={arXiv},
    primaryClass={cs.LG}
}

@misc{kingma2017adam,
    title={Adam: A Method for Stochastic Optimization}, 
    author={Diederik P. Kingma and Jimmy Ba},
    year={2017},
    eprint={1412.6980},
    archivePrefix={arXiv},
    primaryClass={cs.LG}
}

@misc{misra2020mish,
    title={Mish: A Self Regularized Non-Monotonic Activation Function}, 
    author={Diganta Misra},
    year={2020},
    eprint={1908.08681},
    archivePrefix={arXiv},
    primaryClass={cs.LG}
}

@misc{paszke2019pytorch,
    title={PyTorch: An Imperative Style, High-Performance Deep Learning Library}, 
    author={Adam Paszke and Sam Gross and Francisco Massa and Adam Lerer and James Bradbury and Gregory Chanan and Trevor Killeen and Zeming Lin and Natalia Gimelshein and Luca Antiga and Alban Desmaison and Andreas Köpf and Edward Yang and Zach DeVito and Martin Raison and Alykhan Tejani and Sasank Chilamkurthy and Benoit Steiner and Lu Fang and Junjie Bai and Soumith Chintala},
    year={2019},
    eprint={1912.01703},
    archivePrefix={arXiv},
    primaryClass={cs.LG}
}

@misc{daskalakis2018oadam,
    title={Training GANs with Optimism}, 
    author={Constantinos Daskalakis and Andrew Ilyas and Vasilis Syrgkanis and Haoyang Zeng},
    year={2018},
    eprint={1711.00141},
    archivePrefix={arXiv},
    primaryClass={cs.LG}
}

@misc{karnewar2020msggan,
    title={MSG-GAN: Multi-Scale Gradients for Generative Adversarial Networks}, 
    author={Animesh Karnewar and Oliver Wang},
    year={2020},
    eprint={1903.06048},
    archivePrefix={arXiv},
    primaryClass={cs.CV}
}

@misc{radford2016dcgan,
    title={Unsupervised Representation Learning with Deep Convolutional Generative Adversarial Networks}, 
    author={Alec Radford and Luke Metz and Soumith Chintala},
    year={2016},
    eprint={1511.06434},
    archivePrefix={arXiv},
    primaryClass={cs.LG}
}

@misc{lee2020maskgan,
    title={MaskGAN: Towards Diverse and Interactive Facial Image Manipulation}, 
    author={Cheng-Han Lee and Ziwei Liu and Lingyun Wu and Ping Luo},
    year={2020},
    eprint={1907.11922},
    archivePrefix={arXiv},
    primaryClass={cs.CV}
}

@misc{yu2016lsun,
    title={LSUN: Construction of a Large-scale Image Dataset using Deep Learning with Humans in the Loop}, 
    author={Fisher Yu and Ari Seff and Yinda Zhang and Shuran Song and Thomas Funkhouser and Jianxiong Xiao},
    year={2016},
    eprint={1506.03365},
    archivePrefix={arXiv},
    primaryClass={cs.CV}
}

@misc{salimans2016improvedtechniques,
    title={Improved Techniques for Training GANs}, 
    author={Tim Salimans and Ian Goodfellow and Wojciech Zaremba and Vicki Cheung and Alec Radford and Xi Chen},
    year={2016},
    eprint={1606.03498},
    archivePrefix={arXiv},
    primaryClass={cs.LG}
}

@misc{chong2020unbiasfid,
    title={Effectively Unbiased FID and Inception Score and where to find them}, 
    author={Min Jin Chong and David Forsyth},
    year={2020},
    eprint={1911.07023},
    archivePrefix={arXiv},
    primaryClass={cs.CV}
}

@misc{heusel2018ttur,
    title={GANs Trained by a Two Time-Scale Update Rule Converge to a Local Nash Equilibrium}, 
    author={Martin Heusel and Hubert Ramsauer and Thomas Unterthiner and Bernhard Nessler and Sepp Hochreiter},
    year={2018},
    eprint={1706.08500},
    archivePrefix={arXiv},
    primaryClass={cs.LG}
}

@misc{cao2018vggface2,
    title={VGGFace2: A dataset for recognising faces across pose and age}, 
    author={Qiong Cao and Li Shen and Weidi Xie and Omkar M. Parkhi and Andrew Zisserman},
    year={2018},
    eprint={1710.08092},
    archivePrefix={arXiv},
    primaryClass={cs.CV}
}

@misc{su2018ganqp,
    title={GAN-QP: A Novel GAN Framework without Gradient Vanishing and Lipschitz Constraint}, 
    author={Jianlin Su},
    year={2018},
    eprint={1811.07296},
    archivePrefix={arXiv},
    primaryClass={cs.LG}
}

@misc{tong2020benefitspairdiscriminator,
    title={The Benefits of Pairwise Discriminators for Adversarial Training}, 
    author={Shangyuan Tong and Timur Garipov and Tommi Jaakkola},
    year={2020},
    eprint={2002.08621},
    archivePrefix={arXiv},
    primaryClass={cs.LG}
}

@misc{lin2018pacgan,
    title={PacGAN: The power of two samples in generative adversarial networks}, 
    author={Zinan Lin and Ashish Khetan and Giulia Fanti and Sewoong Oh},
    year={2018},
    eprint={1712.04086},
    archivePrefix={arXiv},
    primaryClass={cs.LG}
}

@misc{amodio2019travelgan,
    title={TraVeLGAN: Image-to-image Translation by Transformation Vector Learning}, 
    author={Matthew Amodio and Smita Krishnaswamy},
    year={2019},
    eprint={1902.09631},
    archivePrefix={arXiv},
    primaryClass={cs.CV}
}

@misc{weng2019gantowgan,
    title={From GAN to WGAN}, 
    author={Lilian Weng},
    year={2019},
    eprint={1904.08994},
    archivePrefix={arXiv},
    primaryClass={cs.LG}
}

@misc{petzka2018regularization,
    title={On the regularization of Wasserstein GANs}, 
    author={Henning Petzka and Asja Fischer and Denis Lukovnicov},
    year={2018},
    eprint={1709.08894},
    archivePrefix={arXiv},
    primaryClass={stat.ML}
}

@inproceedings{featurecomparisonsvectorfieldsearthmoversdistance,
    author={Y. {Lavin} and R. {Batra} and L. {Hesselink}},
    booktitle={Proceedings Visualization '98 (Cat. No.98CB36276)}, 
    title={Feature comparisons of vector fields using Earth mover's distance}, 
    year={1998},
    volume={},
    number={},
    pages={103-109},
    doi={10.1109/VISUAL.1998.745291}
}

@inproceedings{metricdistributionimagedatabases,
    author={Y. {Rubner} and C. {Tomasi} and L. J. {Guibas}},
    booktitle={Sixth International Conference on Computer Vision (IEEE Cat. No.98CH36271)}, 
    title={A metric for distributions with applications to image databases}, 
    year={1998},
    volume={},
    number={},
    pages={59-66},
    doi={10.1109/ICCV.1998.710701}
}

@misc{thanhtung2019improving,
    title={Improving Generalization and Stability of Generative Adversarial Networks}, 
    author={Hoang Thanh-Tung and Truyen Tran and Svetha Venkatesh},
    year={2019},
    eprint={1902.03984},
    archivePrefix={arXiv},
    primaryClass={cs.LG}
}

@misc{pandey2020overcomingterelu,
    title={Overcoming Overfitting and Large Weight Update Problem in Linear Rectifiers: Thresholded Exponential Rectified Linear Units}, 
    author={Vijay Pandey},
    year={2020},
    eprint={2006.02797},
    archivePrefix={arXiv},
    primaryClass={cs.LG}
}

@misc{karras2018progressive,
    title={Progressive Growing of GANs for Improved Quality, Stability, and Variation}, 
    author={Tero Karras and Timo Aila and Samuli Laine and Jaakko Lehtinen},
    year={2018},
    eprint={1710.10196},
    archivePrefix={arXiv},
    primaryClass={cs.NE}
}

@inproceedings{liu2015faceattributes,
    title = {Deep Learning Face Attributes in the Wild},
    author = {Liu, Ziwei and Luo, Ping and Wang, Xiaogang and Tang, Xiaoou},
    booktitle = {Proceedings of International Conference on Computer Vision (ICCV)},
    month = {12},
    year = {2015} 
}

@misc{ioffe2015batchnorm,
    title={Batch Normalization: Accelerating Deep Network Training by Reducing Internal Covariate Shift}, 
    author={Sergey Ioffe and Christian Szegedy},
    year={2015},
    eprint={1502.03167},
    archivePrefix={arXiv},
    primaryClass={cs.LG}
}

@misc{ba2016layernorm,
    title={Layer Normalization}, 
    author={Jimmy Lei Ba and Jamie Ryan Kiros and Geoffrey E. Hinton},
    year={2016},
    eprint={1607.06450},
    archivePrefix={arXiv},
    primaryClass={stat.ML}
}

@misc{wgandiv,
    title={Wasserstein Divergence for GANs}, 
    author={Jiqing Wu and Zhiwu Huang and Janine Thoma and Dinesh Acharya and Luc Van Gool},
    year={2018},
    eprint={1712.01026},
    archivePrefix={arXiv},
    primaryClass={cs.CV}
}

@misc{dragan,
    title={On Convergence and Stability of GANs}, 
    author={Naveen Kodali and Jacob Abernethy and James Hays and Zsolt Kira},
    year={2017},
    eprint={1705.07215},
    archivePrefix={arXiv},
    primaryClass={cs.AI}
}

@misc{stylegan,
    title={A Style-Based Generator Architecture for Generative Adversarial Networks}, 
    author={Tero Karras and Samuli Laine and Timo Aila},
    year={2019},
    eprint={1812.04948},
    archivePrefix={arXiv},
    primaryClass={cs.NE}
}

@misc{stylegan2,
    title={Analyzing and Improving the Image Quality of StyleGAN}, 
    author={Tero Karras and Samuli Laine and Miika Aittala and Janne Hellsten and Jaakko Lehtinen and Timo Aila},
    year={2020},
    eprint={1912.04958},
    archivePrefix={arXiv},
    primaryClass={cs.CV}
}

@misc{cyclegan,
    title={Unpaired Image-to-Image Translation using Cycle-Consistent Adversarial Networks}, 
    author={Jun-Yan Zhu and Taesung Park and Phillip Isola and Alexei A. Efros},
    year={2020},
    eprint={1703.10593},
    archivePrefix={arXiv},
    primaryClass={cs.CV}
}

@misc{realness,
    title={Real or Not Real, that is the Question}, 
    author={Yuanbo Xiangli and Yubin Deng and Bo Dai and Chen Change Loy and Dahua Lin},
    year={2020},
    eprint={2002.05512},
    archivePrefix={arXiv},
    primaryClass={cs.LG}
}